@Article{bib:GC04,
		Author = {Y. Boykov, and V. Kolmogorov},
		title = {An Experimental Comparison of Min-Cut/Max-Flow Algorithms for Energy Minimization in Vision},
		journal = {IEEE Transactions on Pattern},
Analysis and Machine Intelligence, 
		page = {26(9):1124â€“1137},
		month = {September},
		year = {2004}
}

@Article{bib:GC05,
		Author = {Y. Boykov, and O. Veksler},
		title = {Graph Cuts in Vision and Graphics:  Theories and Applications},
}

